{
    "0": {
        "product_name": "Rainbow 1 kg kermajuusto",
        "Unit price": "5,89 \u20ac",
        "Comparison price": "5,89 \u20ac/kg"
    },
    "1": {
        "product_name": "Valio Hyv\u00e4 suomalainen Arki\u00ae juustoviipale e500 g",
        "Unit price": "4,65 \u20ac",
        "Comparison price": "9,30 \u20ac/kg"
    },
    "2": {
        "product_name": "Valio Hyv\u00e4 suomalainen Arki\u00ae juusto e1,25 kg",
        "Unit price": "6,79 \u20ac",
        "Comparison price": "5,43 \u20ac/kg"
    },
    "3": {
        "product_name": "Valio Oltermanni\u00ae e1 kg",
        "Unit price": "6,65 \u20ac",
        "Comparison price": "6,65 \u20ac/kg"
    },
    "4": {
        "product_name": "Rainbow 1kg 17% kevyt kermajuusto",
        "Unit price": "6,45 \u20ac",
        "Comparison price": "6,45 \u20ac/kg"
    },
    "5": {
        "product_name": "Valio Oltermanni\u00ae 17 % e900 g",
        "Unit price": "6,65 \u20ac",
        "Comparison price": "7,39 \u20ac/kg"
    },
    "6": {
        "product_name": "Valio Hyv\u00e4 suomalainen Arki\u00ae juustoviipale e140 g",
        "Unit price": "2,09 \u20ac",
        "Comparison price": "14,93 \u20ac/kg"
    },
    "7": {
        "product_name": "Valio Oltermanni\u00ae e300 g viipale",
        "Unit price": "4,19 \u20ac",
        "Comparison price": "13,97 \u20ac/kg"
    },
    "8": {
        "product_name": "Valio Oltermanni\u00ae 17 % e300 g viipale",
        "Unit price": "4,19 \u20ac",
        "Comparison price": "13,97 \u20ac/kg"
    },
    "9": {
        "product_name": "Valio Oltermanni\u00ae e500 g",
        "Unit price": "4,95 \u20ac",
        "Comparison price": "9,90 \u20ac/kg"
    },
    "10": {
        "product_name": "Valio Oltermanni\u00ae Monterey Jack e900 g",
        "Unit price": "7,79 \u20ac",
        "Comparison price": "8,66 \u20ac/kg"
    },
    "11": {
        "product_name": "Valio Oltermanni\u00ae Cheddar e900 g",
        "Unit price": "7,79 \u20ac",
        "Comparison price": "8,66 \u20ac/kg"
    },
    "12": {
        "product_name": "Valio Oltermanni\u00ae 17 % e450 g",
        "Unit price": "4,95 \u20ac",
        "Comparison price": "11,00 \u20ac/kg"
    },
    "13": {
        "product_name": "Valio Oltermanni\u00ae Port Salut e900 g",
        "Unit price": "7,79 \u20ac",
        "Comparison price": "8,66 \u20ac/kg"
    },
    "14": {
        "product_name": "Valio Oltermanni\u00ae e900 g ValSa\u00ae",
        "Unit price": "7,79 \u20ac",
        "Comparison price": "8,66 \u20ac/kg"
    },
    "15": {
        "product_name": "Valio Oltermanni\u00ae ohuen ohut e130 g viipale",
        "Unit price": "2,75 \u20ac",
        "Comparison price": "21,15 \u20ac/kg"
    },
    "16": {
        "product_name": "Valio Oltermanni\u00ae 17 % ohuen ohut e130 g viipale",
        "Unit price": "2,75 \u20ac",
        "Comparison price": "21,15 \u20ac/kg"
    },
    "17": {
        "product_name": "Valio Oltermanni\u00ae kevyempi Cheddar e450 g ValSa\u00ae",
        "Unit price": "4,95 \u20ac",
        "Comparison price": "11,00 \u20ac/kg"
    },
    "18": {
        "product_name": "Valio Oltermanni\u00ae ohuen ohut e270 g viipale ValSa\u00ae",
        "Unit price": "4,19 \u20ac",
        "Comparison price": "15,52 \u20ac/kg"
    },
    "19": {
        "product_name": "Valio Oltermanni\u00ae Savu ohuen ohut e270 g viipale",
        "Unit price": "4,19 \u20ac",
        "Comparison price": "15,52 \u20ac/kg"
    },
    "20": {
        "product_name": "Valio Edam 17 % e300 g viipale",
        "Unit price": "4,29 \u20ac",
        "Comparison price": "14,30 \u20ac/kg"
    },
    "21": {
        "product_name": "Valio Edam e350 g",
        "Unit price": "4,85 \u20ac",
        "Comparison price": "13,86 \u20ac/kg"
    },
    "22": {
        "product_name": "Valio Edam e300 g viipale",
        "Unit price": "4,29 \u20ac",
        "Comparison price": "14,30 \u20ac/kg"
    },
    "23": {
        "product_name": "Valio Edam 17 % e350 g",
        "Unit price": "4,85 \u20ac",
        "Comparison price": "13,86 \u20ac/kg"
    }
}